<record xmlns:xsi="http://www.w3.org/2001/XMLSchema-instance" xmlns="http://www.loc.gov/MARC21/slim" xsi:schemaLocation="http://www.loc.gov/MARC21/slim http://www.loc.gov/standards/marcxml/schema/MARC21slim.xsd">

  <leader>     nam a22        4500</leader>
  <datafield ind1=" " ind2=" " tag="999">
    <subfield code="c">3490</subfield>
    <subfield code="d">3490</subfield>
  </datafield>
  <controlfield tag="008">180509b2018    cr ||||| |||| 00| | spa d</controlfield>
  <datafield tag="090" ind2=" " ind1=" ">
    <subfield code="a">06.05.01</subfield>
    <subfield code="b">2456</subfield>
  </datafield>
  <datafield ind1="1" ind2=" " tag="100">
    <subfield code="9">919</subfield>
    <subfield code="a">Arias Monge, Mónica</subfield>
  </datafield>
  <datafield ind1="1" ind2="0" tag="245">
    <subfield code="a">Modelos curriculares de doctorados en ciencias sociales y educación /</subfield>
    <subfield code="c">Mónica Arias Monge</subfield>
  </datafield>
  <datafield tag="260" ind1=" " ind2=" ">
    <subfield code="a">[San José, Costa  Rica] :</subfield>
    <subfield code="b">INIE,</subfield>
    <subfield code="c">2018</subfield>
  </datafield>
  <datafield tag="300" ind1=" " ind2=" ">
    <subfield code="a">124 páginas</subfield>
  </datafield>
  <datafield tag="500" ind1=" " ind2=" ">
    <subfield code="a">Informe final Proyecto de Investigación Nº 724-B5-242</subfield>
  </datafield>
  <datafield ind2="4" ind1="1" tag="650">
    <subfield code="9">1364</subfield>
    <subfield code="a">PROGRAMA DE ESTUDIOS</subfield>
  </datafield>
  <datafield ind1="1" ind2="4" tag="650">
    <subfield code="9">1</subfield>
    <subfield code="a">EDUCACIÓN</subfield>
  </datafield>
  <datafield ind1="1" ind2="4" tag="650">
    <subfield code="9">276</subfield>
    <subfield code="a">CIENCIAS SOCIALES </subfield>
  </datafield>
  <datafield ind2="4" ind1="1" tag="650">
    <subfield code="9">342</subfield>
    <subfield code="a">CURRÍCULO (EDUCACIÓN)</subfield>
  </datafield>
  <datafield tag="650" ind2="4" ind1="1">
    <subfield code="9">1587</subfield>
    <subfield code="a">GRADO DE DOCTOR</subfield>
  </datafield>
  <datafield ind1=" " ind2=" " tag="942">
    <subfield code="2">z</subfield>
    <subfield code="c">04</subfield>
  </datafield>
</record>